<record><leader>00000cas a22000007a 4500</leader><controlfield tag="001">2264399</controlfield><controlfield tag="008">760620d18411844paudn ne      0    0eng d</controlfield><datafield ind1=" " ind2=" " tag="010"><subfield code="a">sn 85054636 </subfield></datafield><datafield ind1=" " ind2=" " tag="040"><subfield code="a">PIT</subfield><subfield code="b">eng</subfield><subfield code="c">PIT</subfield><subfield code="d">NPH</subfield><subfield code="d">NPY</subfield><subfield code="d">NPH</subfield><subfield code="d">DLC</subfield><subfield code="d">NPH</subfield></datafield><datafield ind1="1" ind2=" " tag="029"><subfield code="a">AU@</subfield><subfield code="b">000025799631</subfield></datafield><datafield ind1="1" ind2=" " tag="029"><subfield code="a">NZ1</subfield><subfield code="b">16065647</subfield></datafield><datafield ind1=" " ind2=" " tag="042"><subfield code="a">msc</subfield></datafield><datafield ind1="0" ind2="0" tag="050"><subfield code="a">Newspaper 9580</subfield></datafield><datafield ind1="0" ind2=" " tag="130"><subfield code="a">Morning chronicle (Pittsburgh, Pa. : 1841)</subfield></datafield><datafield ind1="0" ind2="4" tag="245"><subfield code="a">The morning chronicle.</subfield></datafield><datafield ind1="1" ind2="0" tag="246"><subfield code="a">Chronicle</subfield><subfield code="f">&lt;Nov. 20, 1843-&gt;</subfield></datafield><datafield ind1=" " ind2=" " tag="260"><subfield code="a">Pittsburgh, Pa. :</subfield><subfield code="b">R.G. Berford,</subfield><subfield code="c">1841-1844.</subfield></datafield><datafield ind1=" " ind2=" " tag="300"><subfield code="a">v. :</subfield><subfield code="b">ill. (chiefly advertisements) ;</subfield><subfield code="c">39-51 cm.</subfield></datafield><datafield ind1=" " ind2=" " tag="310"><subfield code="a">Daily (except Sun.),</subfield><subfield code="b">1841-1844</subfield></datafield><datafield ind1=" " ind2=" " tag="321"><subfield code="a">Semiweekly,</subfield><subfield code="b">1841</subfield></datafield><datafield ind1="0" ind2=" " tag="362"><subfield code="a">Vol. 1, no, 1 (June 26, 1841)-v. 3, no. 208 (Apr. 16, 1844).</subfield></datafield><datafield ind1=" " ind2=" " tag="500"><subfield code="a">Publishers: Whitney, Dumars &amp; Wright, &lt;Nov. 20, 1843&gt;.</subfield></datafield><datafield ind1=" " ind2=" " tag="515"><subfield code="a">Issues for Sept. 8, 1841-    called also new ser., no. 1-   .</subfield></datafield><datafield ind1=" " ind2=" " tag="580"><subfield code="a">Weekly ed.: Iron City and Pittsburgh weekly chronicle, &lt;Nov. 27, 1841-Aug. 27, 1842&gt;; Iron City and Pittsburgh Saturday morning chronicle, &lt;Sept.3, 1842-1845&gt;.</subfield></datafield><datafield ind1=" " ind2=" " tag="752"><subfield code="a">United States</subfield><subfield code="b">Pennsylvania</subfield><subfield code="c">Allegheny</subfield><subfield code="d">Pittsburgh.</subfield></datafield><datafield ind1="1" ind2=" " tag="775"><subfield code="t">Iron City and Pittsburgh weekly chronicle</subfield><subfield code="w">(DLC)sn 85054645</subfield></datafield><datafield ind1="1" ind2=" " tag="775"><subfield code="t">Iron City and Pittsburgh Saturday morning chronicle</subfield><subfield code="w">(DLC)sn 85054647</subfield></datafield><datafield ind1="0" ind2="0" tag="785"><subfield code="t">Pittsburgh morning chronicle</subfield><subfield code="w">(DLC)sn 85054637</subfield></datafield></record>